
@misc{AppleDeveloper:2015rm,
	Author = {{Apple Inc.}},
	Date-Added = {2015-05-22 05:19:42 +0000},
	Date-Modified = {2015-12-07 12:02:22 +0000},
	Howpublished = {Apple Developer Documentation, published online},
	Key = {Apple},
	Publisher = {Apple Inc.},
	Title = {Event Handling Guide for i{OS}},
	Url = {https://developer.apple.com/library/},
	Year = 2015
}

@book{Bailey:1993zl,
	Address = {Cambridge, MA},
	Author = {Derek Bailey},
	Date-Added = {2014-02-12 00:37:53 +0000},
	Date-Modified = {2015-10-16 04:59:17 +0000},
	Publisher = {Da Capo},
	Title = {Improvisation: It's Nature and Practice in Music},
	Year = 1993}

@book{Blades:1992kx,
	Address = {Westport, CT, USA},
	Author = {James Blades},
	Date-Added = {2013-09-11 05:38:22 +0000},
	Date-Modified = {2015-10-16 04:59:19 +0000},
	Publisher = {The Bold Strummer Ltd.},
	Title = {Percussion Instruments and their History},
	Year = 1992
}

@incollection{Borgo:2006fv,
	Address = {Berlin, Heidelberg},
	Author = {Borgo, David},
	Booktitle = {Algebra, Meaning, and Computation},
	Date-Added = {2014-02-12 04:42:18 +0000},
	Date-Modified = {2015-12-07 12:01:03 +0000},
	Doi = {10.1007/11780274_1},
	Editor = {Futatsugi, Kokichi and Jouannaud, Jean-Pierre and Meseguer, Jos{\'e}},
	Isbn = {978-3-540-35462-8},
	Pages = {1--24},
	Publisher = {Springer Berlin Heidelberg},
	Series = {Lecture Notes in Computer Science},
	Title = {Sync or Swarm: Musical Improvisation and the Complex Dynamics of Group Creativity},
	Volume = 4060,
	Year = 2006
}

@article{Breiman:2001kx,
	Author = {Breiman, Leo},
	Date-Added = {2013-10-23 01:39:37 +0000},
	Date-Modified = {2015-12-07 12:01:10 +0000},
	Doi = {10.1023/A:1010933404324},
	Issn = {0885-6125},
	Journal = {Machine Learning},
	Keywords = {classification; regression; ensemble},
	Language = {English},
	Number = 1,
	Pages = {5--32},
	Publisher = {Kluwer Academic Publishers},
	Title = {Random Forests},
	Volume = 45,
	Year = 2001
}

@misc{Burtner:2011fk,
	Author = {Matthew Burtner},
	Date-Added = {2012-05-28 09:03:38 +0000},
	Date-Modified = {2015-12-07 10:40:51 +0000},
	Howpublished = {Published digitally by the author},
	Title = {{S}yntax of {S}now for bells and amplified snow},
	Url = {http://matthewburtner.com/syntax-of-snow-2/},
	Year = 2011
 }

@book{Cahn:2005uq,
	Address = {New York, NY},
	Author = {William L. Cahn},
	Date-Added = {2013-09-11 05:35:55 +0000},
	Date-Modified = {2015-10-16 04:59:20 +0000},
	Publisher = {Routledge},
	Title = {Creative Music Making},
	Year = 2005}

@book{Cook:1997vn,
	Address = {New York, NY},
	Author = {Gary Cook},
	Date-Added = {2013-09-11 05:44:57 +0000},
	Date-Modified = {2015-12-07 10:45:48 +0000},
	Publisher = {Schirmer Books},
	Title = {Teaching Percussion},
	Year = 1997}

@article{Davies:1991tw,
	Author = {Stephen Davies},
	Date-Added = {2014-02-12 06:02:18 +0000},
	Date-Modified = {2015-12-07 10:47:56 +0000},
	Doi = {10.2307/2216091},
	Journal = {No\^{u}s},
	Keywords = {ontology, music, performance, composition, recording},
	Month = {March},
	Number = 1,
	Pages = {21--41},
	Title = {The Ontology of Musical Works and the Authenticity of their Performances},
	Volume = 25,
	Year = 1991}

@book{Davies:2005fj,
	Address = {Oxford, UK},
	Author = {Stephen Davies},
	Date-Added = {2014-01-14 03:22:27 +0000},
	Date-Modified = {2015-12-07 10:52:10 +0000},
	Publisher = {Oxford University Press},
	Title = {Themes in the Philosophy of Music},
	Year = 2005}


@misc{Ensemble-Metatone:2014sf,
	Author = {Charles Martin and Christina Hopgood and Jonathan Griffiths and Yvonne Lam},
	Date-Added = {2015-07-14 05:24:06 +0000},
	Date-Modified = {2015-12-07 10:53:54 +0000},
	Howpublished = {Digital Audio Album available on Bandcamp},
	Keywords = {album, Ensemble Metatone, iPad music,},
	Month = {March},
	Title = {{Ensemble Metatone}},
	Url = {https://charlesmartin.bandcamp.com/album/ensemble-metatone/},
	Year = 2014}

@book{Evens:2005kx,
	Address = {Minneapolis, MN},
	Author = {Aden Evens},
	Date-Added = {2012-05-07 12:07:07 +0000},
	Date-Modified = {2015-12-07 10:54:40 +0000},
	Publisher = {University of Minnesota Press},
	Series = {Theory Out of Bounds},
	Title = {Sound Ideas: Music, Machines, and Experience},
	Volume = 27,
	Year = 2005}

@book{Feldman:1965uq,
	Address = {Glendale, NY},
	Author = {Morton Feldman},
	Date-Added = {2013-09-10 04:33:07 +0000},
	Date-Modified = {2015-12-07 10:55:50 +0000},
	Howpublished = {musical score},
	Publisher = {Edition Peters},
	Title = {The {K}ing of {D}enmark for Solo Percussionist},
	Year = 1965}

@misc{Fette:2011eu,
	Author = {I. Fette and A. Melnikov},
	Date-Added = {2015-05-18 01:22:42 +0000},
	Date-Modified = {2015-12-07 10:59:11 +0000},
	Doi = {10.17487/RFC6455},
	Howpublished = {RFC 6455 (Proposed Standard)},
	Month = {December},
	Number = 6455,
	Organization = {Internet Engineering Task Force},
	Publisher = {IETF},
	Series = {Request for Comments},
	Title = {{The WebSocket Protocol}},
	Year = 2011}

@article{Fowler:1967kq,
	Author = {Fowler, Charles B.},
	Date-Added = {2015-05-18 02:11:33 +0000},
	Date-Modified = {2015-12-07 11:00:40 +0000},
	Doi = {10.2307/3391092},
	Journal = {Music Educators Journal},
	Number = 2,
	Pages = {45--49},
	Publisher = {Sage Publications},
	Title = {The Museum of Music: A History of Mechanical Instruments},
	Volume = 54,
	Year = 1967}

@inproceedings{Hope:2015lr,
	Address = {Paris, France},
	Author = {Hope, Cat and Vickery, Lindsay},
	Booktitle = {International Conference on Technologies for Music Notation and Representation},
	Date-Added = {2015-07-17 05:47:37 +0000},
	Date-Modified = {2015-10-27 05:11:19 +0000},
	Month = {May},
	Publisher = {IRCAM},
	Series = {TENOR 2015},
	Title = {The {D}ecibel {S}core{P}layer - A Digital Tool for Reading Graphic Notation},
	Year = 2015}

@article{Kania:2006kx,
	Author = {Kania, Andrew},
	Date-Added = {2015-07-23 06:51:34 +0000},
	Date-Modified = {2015-12-07 10:50:37 +0000},
	Doi = {10.1111/j.1540-594X.2006.00219.x},
	Journal = {The Journal of Aesthetics and Art Criticism},
	Number = 4,
	Pages = {401--414},
	Title = {Making Tracks: The Ontology of Rock Music},
	Volume = 64,
	Year = 2006}


@inproceedings{Kapur:2005fk,
	Address = {San Francisco, CA},
	Author = {Ajay Kapur},
	Booktitle = {Proceedings of the International Computer Music Conference},
	Date-Added = {2015-05-18 02:31:24 +0000},
	Date-Modified = {2015-12-07 11:27:54 +0000},
	Organization = {International Computer Music Association},
	Title = {A History of Robotic Musical Instruments},
	Url = {http://hdl.handle.net/2027/spo.bbp2372.2005.162},
	Year = 2005}

@inproceedings{Lazzaro:2004pb,
	Address = {New York, NY},
	Author = {Lazzaro, John and Wawrzynek, John},
	Booktitle = {Audio Engineering Society Convention 117},
	Date-Added = {2014-05-11 02:30:02 +0000},
	Date-Modified = {2015-12-07 11:30:57 +0000},
	Keywords = {midi, network music performance,network, music, performance, rtp,},
	Month = {Oct},
	Organization = {Audio Engineering Society},
	Title = {An {RTP} Payload Format for {MIDI}},
	Year = 2004}

@article{MacDonald:2009ve,
	Annote = {doi: 10.1162/leon.2009.42.1.59},
	Author = {MacDonald, Corina},
	Booktitle = {Leonardo},
	Da = {2009/02/01},
	Date = {2009/02/01},
	Date-Added = {2014-01-16 00:39:32 +0000},
	Date-Modified = {2015-10-16 04:59:18 +0000},
	Doi = {10.1162/leon.2009.42.1.59},
	Isbn = {0024-094X},
	Journal = {Leonardo},
	Journal1 = {Leonardo},
	Keywords = {score, performance, practice,},
	M3 = {doi: 10.1162/leon.2009.42.1.59},
	Month = {2014/01/15},
	Number = 1,
	Pages = {59--63},
	Publisher = {MIT Press},
	Title = {Scoring the Work: Documenting Practice and Performance in Variable Media Art},
	Ty = {JOUR},
	Volume = 42,
	Year = 2009,
	Year1 = 2009}

@book{Manovich:2002ly,
	Address = {Cambridge, MA, USA},
	Author = {Lev Manovich},
	Date-Added = {2014-01-15 23:56:28 +0000},
	Date-Modified = {2015-10-16 04:59:18 +0000},
	Publisher = {MIT Press},
	Title = {The Language of New Media},
	Year = 2002}

@inproceedings{Martin:2012fk,
	Address = {The Basin, Australia},
	Author = {Charles Martin},
	Booktitle = {Interactive: Australasian Computer Music Conference 2012 Conference Proceedings},
	Date-Added = {2012-10-24 10:16:46 +0000},
	Date-Modified = {2015-10-16 04:59:26 +0000},
	Editor = {Matt Hitchcock and Jodie Taylor},
	Keywords = {mobile music, collaborative performance practice, ethnography, percussion, performance, artistic research},
	Month = {July},
	Publisher = {Australasian Computer Music Association},
	Title = {Creating Mobile Computer Music for Percussionists: {S}now {M}usic},
	Year = 2012}

@inproceedings{Martin:2014cr,
	Acmid = 2557226,
	Address = {New York, NY, USA},
	Author = {Martin, Charles and Gardner, Henry and Swift, Ben},
	Booktitle = {Proceedings of the SIGCHI Conference on Human Factors in Computing Systems},
	Date-Added = {2014-04-26 22:46:30 +0000},
	Date-Modified = {2015-10-16 04:54:44 +0000},
	Doi = {10.1145/2556288.2557226},
	Isbn = {978-1-4503-2473-1},
	Keywords = {expression, gesture, multitouch, music, percussion, user experience},
	Location = {Toronto, Ontario, Canada},
	Numpages = 4,
	Pages = {1025--1028},
	Publisher = {ACM},
	Series = {CHI '14},
	Title = {Exploring Percussive Gesture on i{P}ads with {E}nsemble {M}etatone},
	Year = 2014}

@inproceedings{Martin:2014jk,
	Address = {P.O. Box 284, Fitzroy, Victoria, Australia},
	Author = {Charles Martin},
	Booktitle = {Proceedings of the Australasian Computer Music Conference '14},
	Date-Added = {2014-11-18 05:07:02 +0000},
	Date-Modified = {2015-10-16 04:59:09 +0000},
	Keywords = {iPad, Metatone, Computer Music,},
	Month = {July},
	Publisher = {Australasian Computer Music Association},
	Title = {Making Improvised Music for i{P}ad and Percussion with {E}nsemble {M}etatone},
	Url = {http://acma.asn.au/media/2014/01/ACMC-2014r1.pdf},
	Year = 2014
  }

@inproceedings{Martin:2014xp,
	Acmid = 2574805,
	Address = {New York, NY, USA},
	Author = {Martin, Charles and Gardner, Henry and Swift, Ben},
	Booktitle = {CHI '14 Extended Abstracts on Human Factors in Computing Systems},
	Date-Added = {2014-06-01 12:10:10 +0000},
	Date-Modified = {2015-10-16 04:54:44 +0000},
	Doi = {10.1145/2559206.2574805},
	Isbn = {978-1-4503-2474-8},
	Keywords = {artistic research, expression, gesture, multitouch, music, percussion, user experience},
	Location = {Toronto, Ontario, Canada},
	Numpages = 4,
	Pages = {547--550},
	Publisher = {ACM},
	Series = {CHI EA '14},
	Title = {{M}eta{T}ravels and {M}eta{L}onsdale: i{P}ad Apps for Percussive Improvisation},
	Year = 2014
}

@inproceedings{Martin:2015jk,
	Address = {Baton Rouge, Louisiana, USA},
	Author = {Charles Martin and Henry Gardner and Ben Swift},
	Booktitle = {Proceedings of the International Conference on New Interfaces for Musical Expression},
	Date-Added = {2015-05-26 03:00:56 +0000},
	Date-Modified = {2015-12-07 11:32:28 +0000},
	Editor = {Edgar Berdahl and Jesse Allison},
	Month = {May 31 -- June 3},
	Pages = {359--364},
	Publisher = {Louisiana State University},
	Title = {Tracking Ensemble Performance on Touch-Screens with Gesture Classification and Transition Matrices},
	Url = {http://www.nime.org/proceedings/2015/nime2015_242.pdf},
	Year = 2015}
  
@inproceedings{Martin:2015mz,
	Address = {Brisbane, Australia},
	Author = {Charles Martin and Henry Gardner},
	Booktitle = {Proceedings of CreateWorld '15},
	Date-Added = {2015-02-09 03:53:31 +0000},
	Date-Modified = {2015-12-07 11:33:18 +0000},
	Publisher = {Griffith University},
	Title = {That Syncing Feeling: Networked Strategies for Enabling Ensemble Creativity in i{P}ad Musicians},
	Year = 2015}
	
@book{May:1987fk,
	Address = {Tienen, Belgium},
	Author = {Thierry De Mey},
	Date-Added = {2013-10-22 23:08:26 +0000},
	Date-Modified = {2015-12-07 11:13:14 +0000},
	Howpublished = {musical score},
	Publisher = {Percussion Music Europe},
	Title = {{M}usique de {T}ables for three percussionists},
	Year = 1987}

@book{Mazzola:2009cr,
	Address = {Berlin, Germany},
	Author = {Mazzola, Guerino and Cherlin, Paul B.},
	Date-Added = {2015-01-12 03:59:34 +0000},
	Date-Modified = {2015-10-16 04:59:09 +0000},
	Keywords = {gesture, free jazz, improvisation, flow, spaces},
	Publisher = {Springer},
	Series = {Computational Music Science},
	Title = {Flow, Gesture, and Spaces in Free Jazz},
	Year = 2009}
  
@book{Nunn:1998ly,
	Author = {Tom Nunn},
	Date-Added = {2014-02-13 02:42:49 +0000},
	Date-Modified = {2015-10-16 04:59:16 +0000},
	Keywords = {improvisation, music, impulse},
	Publisher = {self-published},
	Title = {Wisdom of the Impulse: On the Nature of Musical Free Improvisation},
	Year = 1998}

@incollection{Pressing:1988uo,
	Address = {Oxford, UK},
	Author = {Jeff Pressing},
	Booktitle = {Generative Processes in Music},
	Date-Added = {2014-02-13 03:06:31 +0000},
	Date-Modified = {2015-10-16 04:59:16 +0000},
	Editor = {J. Sloboda},
	Keywords = {improvisation, model, music,},
	Publisher = {Oxford University Press},
	Title = {Improvisation: Methods and Models},
	Year = 1988}

@article{Reas:2006kq,
	Author = {Reas, Casey and Fry, Ben},
	Date-Added = {2015-02-05 04:48:09 +0000},
	Date-Modified = {2015-12-07 12:01:31 +0000},
	Doi = {10.1007/s00146-006-0050-9},
	Issn = {0951-5666},
	Journal = {AI \& SOCIETY},
	Keywords = {Software; Authoring tools; Software literacy; Education; Online communities},
	Language = {English},
	Number = 4,
	Pages = {526--538},
	Publisher = {Springer-Verlag},
	Title = {Processing: programming for the media arts},
	Volume = 20,
	Year = 2006}

@article{Rinehart:2007pi,
	Author = {Richard Rinehart},
	Date-Added = {2014-01-16 01:12:51 +0000},
	Date-Modified = {2015-12-07 11:49:09 +0000},
	Doi = {10.1162/leon.2007.40.2.181},
	Journal = {Leonardo},
	Number = {2},
	Pages = {181--187},
	Title = {The Media Art Notation System: Documenting and Preserving Digital/Media Art},
	Volume = {40},
	Year = {2007}}

@book{Schick:2006fk,
	Address = {Rochester, NY, USA},
	Author = {Steven Schick},
	Date-Added = {2013-09-11 05:34:45 +0000},
	Date-Modified = {2015-10-16 04:59:20 +0000},
	Publisher = {University of Rochester Press},
	Title = {The Percussionist's Art: Same Bed, Different Dreams},
	Year = 2006}

@article{Smith:1998ff,
	Author = {Smith, Stuart Saunders and Goldstein, Tom},
	Date-Added = {2015-07-17 05:58:31 +0000},
	Date-Modified = {2015-12-07 12:01:20 +0000},
	Doi = {10.2307/833528},
	Journal = {Perspectives of New Music},
	Number = 2,
	Pages = {187--199},
	Title = {Inner-Views},
	Volume = 36,
	Year = 1998}


@book{Stenstrom:2009xy,
	Address = {Gothenburg, Sweden},
	Author = {Harald Stenstr\"om},
	Date-Added = {2013-10-27 04:27:40 +0000},
	Date-Modified = {2015-11-11 03:14:50 +0000},
	Number = 13,
	Publisher = {Konstn{\"a}rliga fakultetskansliet, University of Gothenburg},
	School = {University of Gothenburg},
	Series = {ArtMonitor},
	Title = {Free Ensemble Improvisation},
	Url = {http://hdl.handle.net/2077/20293},
	Year = 2009}


@inproceedings{Swift:2014tya,
	Address = {New York, NY, USA},
	Author = {Swift, Ben and Sorensen, Andrew and Martin, Michael and Gardner, Henry J},
	Booktitle = {Proceedings of the SIGCHI Conference on Human Factors in Computing Systems},
	Date-Added = {2015-01-20 05:33:18 +0000},
	Date-Modified = {2015-10-20 05:23:17 +0000},
	Doi = {10.1145/2556288.2557049},
	Keywords = {creativity support tools, end-user programming},
	Numpages = 4,
	Pages = {1021--1024},
	Publisher = {ACM},
	Series = {CHI '14},
	Title = {Coding Livecoding},
	Year = 2014}


@inproceedings{TUIO_KBBC05,
	Address = {Ile de Berder, France},
	Author = {Martin Kaltenbrunner and Till Bovermann and Ross Bencina and Enrico Costanza},
	Booktitle = {Proceedings of the 6th International Workshop on Gesture in Human-Computer Interaction and Simulation},
	Date-Modified = {2015-10-16 04:59:31 +0000},
	Publisher = {Springer-Verlag},
	Title = {{TUIO} - A Protocol for Table Based Tangible User Interfaces},
	Year = 2005}

@inproceedings{TheHandsArticle,
	Address = {San Francisco, CA},
	Author = {Michel Waisvisz},
	Booktitle = {Proceedings of the International Computer Music Conference},
	Date-Added = {2009-04-27 15:17:08 +1000},
	Date-Modified = {2015-12-07 11:59:55 +0000},
	Pages = {313--318},
	Publisher = {International Computer Music Association},
	Series = {ICMC '85},
	Title = {{THE HANDS}, a set of remote {MIDI}-controllers},
	Url = {http://hdl.handle.net/2027/spo.bbp2372.1985.049},
	Year = 1985}

@misc{Victor:2014sf,
	Author = {Bret Victor},
	Date-Added = {2015-04-28 01:58:42 +0000},
	Date-Modified = {2015-12-07 11:59:08 +0000},
	Howpublished = {Available on the author's website},
	Keywords = {seeing spaces, performance, maker space, hackspace, iteration, action research,},
	Month = {August},
	Title = {{S}eeing {S}paces},
	Url = {http://worrydream.com/SeeingSpaces/},
	Year = 2014}

@inproceedings{Wobbrock:2007kq,
	Acmid = 1294238,
	Address = {New York, NY, USA},
	Author = {Wobbrock, Jacob O. and Wilson, Andrew D. and Li, Yang},
	Booktitle = {Proceedings of the 20th Annual ACM Symposium on User Interface Software and Technology},
	Date-Added = {2014-09-15 04:48:49 +0000},
	Date-Modified = {2015-10-16 04:59:43 +0000},
	Doi = {10.1145/1294211.1294238},
	Isbn = {978-1-59593-679-0},
	Keywords = {dynamic time warping, gesture recognition, marks, rapid prototyping, recognition rates, rubine, statistical classifiers, strokes, symbols, unistrokes, user interfaces},
	Location = {Newport, Rhode Island, USA},
	Numpages = 10,
	Pages = {159--168},
	Publisher = {ACM},
	Series = {UIST '07},
	Title = {Gestures Without Libraries, Toolkits or Training: A \$1 Recognizer for User Interface Prototypes},
	Year = 2007}

@book{Xenakis:1975uq,
	Address = {Paris, France},
	Author = {Iannis Xenakis},
	Date-Added = {2013-10-22 23:13:02 +0000},
	Date-Modified = {2015-11-11 03:28:24 +0000},
	Howpublished = {musical score},
	Publisher = {Universal Music Publishing -- Durand Salabert Eschig},
	Title = {Psappha for solo multi-percussionist},
	Year = 1975}

@book{midi1996complete,
	Address = {Los Angeles, CA},
	Author = {{MIDI Manufacturers Association}},
	Date-Added = {2014-05-11 03:07:03 +0000},
	Date-Modified = {2015-12-07 11:43:35 +0000},
	Publisher = {MIDI Manufacturers Association},
	Title = {The complete MIDI 1.0 detailed specification},
	Year = 1996}


@inproceedings{osc-nime2009,
	Abstract = {The history and future of Open Sound Control (OSC) is discussed and the next iteration of the OSC specification is introduced with discussion of new features to support NIME community activities. The roadmap to a major revision of OSC is developed.},
	Address = {Pittsburgh, PA, United States},
	Author = {Adrian Freed and Andy Schmeder},
	Booktitle = {Proceedings of the International Conference on New Interfaces for Musical Expression},
	Date-Modified = {2015-12-07 11:21:41 +0000},
	Month = {June},
	Pages = {116--120},
	Publisher = {Carnegie Mellon University},
	Title = {Features and Future of {O}pen {S}ound {C}ontrol version 1.1 for {NIME}},
	Url = {http://www.nime.org/proceedings/2009/nime2009_116.pdf},
	Year = 2009}

@inproceedings{schmeder2010best,
	Author = {Schmeder, Andrew and Freed, Adrian and Wessel, David},
	Booktitle = {Proceedings of the Linux Audio Conference},
	Date-Added = {2014-06-04 04:36:39 +0000},
	Date-Modified = {2015-12-07 11:50:52 +0000},
	Title = {Best practices for {O}pen {S}ound {C}ontrol},
	Url = {http://lac.linuxaudio.org/2010/papers/37.pdf},
	Volume = 10,
	Year = 2010}

@article{scikit-learn,
	Author = {Pedregosa, F. and Varoquaux, G. and Gramfort, A. and Michel, V. and Thirion, B. and Grisel, O. and Blondel, M. and Prettenhofer, P. and Weiss, R. and Dubourg, V. and Vanderplas, J. and Passos, A. and Cournapeau, D. and Brucher, M. and Perrot, M. and Duchesnay, E.},
	Date-Added = {2015-01-22 05:50:42 +0000},
	Date-Modified = {2015-10-16 04:59:08 +0000},
	Journal = {Journal of Machine Learning Research},
	Pages = {2825--2830},
	Title = {Scikit-learn: Machine Learning in {P}ython},
	Volume = 12,
	Year = 2011}
